<record><leader>00000cas a22000007a 4500</leader><controlfield tag="001">14918605</controlfield><controlfield tag="008">861203d18981907txudn ne      0    0eng d</controlfield><datafield ind1=" " ind2=" " tag="010"><subfield code="a">sn 86090305 </subfield></datafield><datafield ind1=" " ind2=" " tag="040"><subfield code="a">PPM</subfield><subfield code="b">eng</subfield><subfield code="c">PPM</subfield><subfield code="d">OCLCQ</subfield></datafield><datafield ind1=" " ind2=" " tag="042"><subfield code="a">msc</subfield></datafield><datafield ind1="0" ind2=" " tag="130"><subfield code="a">Daily courier (Tyler, Tex.)</subfield></datafield><datafield ind1="1" ind2="4" tag="245"><subfield code="a">The daily courier.</subfield></datafield><datafield ind1=" " ind2=" " tag="260"><subfield code="a">Tyler, Tex. :</subfield><subfield code="b">Green &amp; McDougal</subfield></datafield><datafield ind1=" " ind2=" " tag="300"><subfield code="a">v.</subfield></datafield><datafield ind1=" " ind2=" " tag="310"><subfield code="a">Daily (except Sun.)</subfield></datafield><datafield ind1="1" ind2=" " tag="362"><subfield code="a">Began in 1898?</subfield></datafield><datafield ind1="0" ind2=" " tag="362"><subfield code="a">-v. 9, no. 295 (Aug. 16, 1907).</subfield></datafield><datafield ind1=" " ind2=" " tag="588"><subfield code="a">Description based on: Vol. 1, no. 207 (May 2, 1899).</subfield></datafield><datafield ind1=" " ind2=" " tag="752"><subfield code="a">United States</subfield><subfield code="b">Texas</subfield><subfield code="c">Smith</subfield><subfield code="d">Tyler.</subfield></datafield><datafield ind1="0" ind2=" " tag="775"><subfield code="t">Tyler courier (Tyler, Tex.)</subfield><subfield code="w">(DLC)sn 86090316</subfield></datafield><datafield ind1="0" ind2=" " tag="775"><subfield code="t">Semi=weekly courier (Tyler, Tex.)</subfield><subfield code="w">(DLC)sn 86090306</subfield></datafield><datafield ind1="0" ind2="7" tag="785"><subfield code="t">Evening times (Tyler, Tex.)</subfield><subfield code="w">(DLC)sn 88008379</subfield></datafield><datafield ind1="0" ind2="7" tag="785"><subfield code="t">Daily courier and times</subfield><subfield code="w">(DLC)sn 88084226</subfield></datafield><datafield ind1="1" ind2=" " tag="029"><subfield code="a">AU@</subfield><subfield code="b">000025787226</subfield></datafield></record>